@misc{NduatiIntro,
title = {Introduction to Neural Networks},
author = {Judy Nduati},
year = {2020},
howpublished = {\url{https://www.section.io/engineering-education/introduction-to-neural-networks/}}
}

@misc{NeuralODEforecast,
title = {Forecasting the weather with neural ODEs},
author = {Sebastian Callh},
year = {2020},
howpublished = {\url{https://sebastiancallh.github.io/post/neural-ode-weather-forecast/}}}

@misc{HoncharNODE,
title = {Neural ODEs: breakdown of another deep learning breakthrough},
author = {Alexandr Honchar},
year = {2019},
howpublished = {\url{https://towardsdatascience.com/neural-odes-breakdown-of-another-deep-learning-breakthrough-3e78c7213795}}
}

@misc{NODEvideo,
title = {Neural Ordinary Differential Equations - Best Paper Awards NeurIPS 2018},
author = {AIP - State-of-the-Art AI Research},
year = {2019},
howpublished = {\url{https://www.youtube.com/watch?v=V6nGT0Gakyg}}
}


@misc{chen2019neural,
      title={Neural Ordinary Differential Equations}, 
      author={Ricky T. Q. Chen and Yulia Rubanova and Jesse Bettencourt and David Duvenaud},
      year={2019},
      eprint={1806.07366},
      archivePrefix={arXiv},
      primaryClass={cs.LG}
}

@misc{dupont2019augmented,
      title={Augmented Neural ODEs}, 
      author={Emilien Dupont and Arnaud Doucet and Yee Whye Teh},
      year={2019},
      eprint={1904.01681},
      archivePrefix={arXiv},
      primaryClass={stat.ML}
}

@ARTICLE{NMIST,
  author={Lecun, Y. and Bottou, L. and Bengio, Y. and Haffner, P.},
  journal={Proceedings of the IEEE}, 
  title={Gradient-based learning applied to document recognition}, 
  year={1998},
  volume={86},
  number={11},
  pages={2278-2324},
  doi={10.1109/5.726791}}